<record><leader>00000cas a2200000 a 4500</leader><controlfield tag="001">38427453</controlfield><controlfield tag="008">980212c19909999nyuwr ne      0    0eng c</controlfield><datafield ind1=" " ind2=" " tag="010"><subfield code="a">sn 98067538 </subfield></datafield><datafield ind1=" " ind2=" " tag="040"><subfield code="a">NYS</subfield><subfield code="b">eng</subfield><subfield code="c">NYS</subfield><subfield code="d">OCLCQ</subfield><subfield code="d">OCLCO</subfield></datafield><datafield ind1="1" ind2=" " tag="029"><subfield code="a">AU@</subfield><subfield code="b">000013798245</subfield></datafield><datafield ind1=" " ind2=" " tag="042"><subfield code="a">pcc</subfield></datafield><datafield ind1=" " ind2=" " tag="043"><subfield code="a">n-us-ny</subfield></datafield><datafield ind1="0" ind2=" " tag="130"><subfield code="a">Ronkonkoma review (Ronkonkoma, N.Y : 1990)</subfield></datafield><datafield ind1="1" ind2="0" tag="245"><subfield code="a">Ronkonkoma review.</subfield></datafield><datafield ind1=" " ind2=" " tag="260"><subfield code="a">Ronkonkoma, N.Y. :</subfield><subfield code="b">ESP Publications,</subfield><subfield code="c">1990-</subfield></datafield><datafield ind1=" " ind2=" " tag="300"><subfield code="a">v. :</subfield><subfield code="b">ill.</subfield></datafield><datafield ind1=" " ind2=" " tag="310"><subfield code="a">Weekly</subfield></datafield><datafield ind1="1" ind2=" " tag="362"><subfield code="a">Began in 1990.</subfield></datafield><datafield ind1=" " ind2=" " tag="500"><subfield code="a">Official newspaper for: Town of Brookhaven; Town of Islip; Incorporated Village of Lake Grove; Middle Country School District; Centereach, Selden, Middle Island and Ronkonkoma Fire Districts and Farmingville Fire District, &lt;1998&gt;.</subfield></datafield><datafield ind1=" " ind2=" " tag="580"><subfield code="a">Other eds.: Huntington review; Brookhaven review (Ronkonkoma, N.Y. : 1990).</subfield></datafield><datafield ind1=" " ind2=" " tag="588"><subfield code="a">Description based on: Vol. 34, no. 16 (Feb. 5, 1998).</subfield></datafield><datafield ind1=" " ind2="0" tag="651"><subfield code="a">Ronkonkoma (N.Y.)</subfield><subfield code="v">Newspapers.</subfield></datafield><datafield ind1=" " ind2="0" tag="651"><subfield code="a">Brookhaven (Town : N.Y.)</subfield><subfield code="v">Newspapers.</subfield></datafield><datafield ind1=" " ind2="0" tag="651"><subfield code="a">Islip (Town : N.Y.)</subfield><subfield code="v">Newspapers.</subfield></datafield><datafield ind1=" " ind2="0" tag="651"><subfield code="a">Suffolk County (N.Y.)</subfield><subfield code="v">Newspapers.</subfield></datafield><datafield ind1=" " ind2=" " tag="752"><subfield code="a">United States</subfield><subfield code="b">New York</subfield><subfield code="c">Suffolk</subfield><subfield code="d">Ronkonkoma.</subfield></datafield><datafield ind1="1" ind2=" " tag="775"><subfield code="t">Huntington review</subfield><subfield code="w">(DLC)sn 98067536</subfield><subfield code="w">(OCoLC)38427544</subfield></datafield><datafield ind1="1" ind2=" " tag="775"><subfield code="t">Brookhaven review (Ronkonkoma, N.Y. : 1990)</subfield><subfield code="w">(DLC)sn 98067537</subfield><subfield code="w">(OCoLC)38427185</subfield></datafield><datafield ind1="0" ind2="0" tag="780"><subfield code="t">Review (Ronkonkoma, N.Y. : Ronkonkoma ed.)</subfield><subfield code="w">(DLC)sn 95071127</subfield><subfield code="w">(OCoLC)32101601</subfield></datafield></record>